@article{wang2019superglue,
  title={Superglue: A stickier benchmark for general-purpose language understanding systems},
  author={Wang, Alex and Pruksachatkun, Yada and Nangia, Nikita and Singh, Amanpreet and Michael, Julian and Hill, Felix and Levy, Omer and Bowman, Samuel},
  journal={Advances in neural information processing systems},
  volume={32},
  year={2019}
}

@article{wang2018glue,
  title={GLUE: A multi-task benchmark and analysis platform for natural language understanding},
  author={Wang, Alex and Singh, Amanpreet and Michael, Julian and Hill, Felix and Levy, Omer and Bowman, Samuel R},
  journal={arXiv preprint arXiv:1804.07461},
  year={2018}
}


@inproceedings{deng2009imagenet1k,
  title={Imagenet: A large-scale hierarchical image database},
  author={Deng, Jia and Dong, Wei and Socher, Richard and Li, Li-Jia and Li, Kai and Fei-Fei, Li},
  booktitle={2009 IEEE conference on computer vision and pattern recognition},
  pages={248--255},
  year={2009},
  organization={Ieee}
}

@inproceedings{garcin2021plantnet300k,
    author={Garcin, Camille and Joly, Alexis and Bonnet, Pierre and Lombardo, Jean-Christophe and Affouard, Antoine and Chouet, Mathias and Servajean, Maximilien and Lorieul, Titouan and Salmon, Joseph},
    booktitle={NeurIPS Datasets and Benchmarks 2021},
    title={{Pl@ntNet-300K}: a plant image dataset with high label ambiguity and a long-tailed distribution},
    year={2021},
}

@inproceedings{khan2023fishnet,
    author    = {Khan, Faizan Farooq and Li, Xiang and Temple, Andrew J. and Elhoseiny, Mohamed},
    title     = {FishNet: A Large-scale Dataset and Benchmark for Fish Recognition, Detection, and Functional Trait Prediction},
    booktitle = {Proceedings of the IEEE/CVF International Conference on Computer Vision (ICCV)},
    month     = {October},
    year      = {2023},
    pages     = {20496-20506}
}

@article{tan2019herbarium19,
  title={The herbarium challenge 2019 dataset},
  author={Tan, Kiat Chuan and Liu, Yulong and Ambrose, Barbara and Tulig, Melissa and Belongie, Serge},
  journal={arXiv preprint arXiv:1906.05372},
  year={2019}
}

@article{bardes2024vjepa,
  title={Revisiting Feature Prediction for Learning Visual Representations from Video},
  author={Bardes, Adrien and Garrido, Quentin and Ponce, Jean and Rabbat, Michael, and LeCun, Yann and Assran, Mahmoud and Ballas, Nicolas},
  journal={arXiv:2404.08471},
  year={2024}
}

@inproceedings{kholiavchenko2024kabr,
  title={KABR: In-situ dataset for kenyan animal behavior recognition from drone videos},
  author={Kholiavchenko, Maksim and Kline, Jenna and Ramirez, Michelle and Stevens, Sam and Sheets, Alec and Babu, Reshma and Banerji, Namrata and Campolongo, Elizabeth and Thompson, Matthew and Van Tiel, Nina and others},
  booktitle={Proceedings of the IEEE/CVF Winter Conference on Applications of Computer Vision},
  pages={31--40},
  year={2024}
}


@article{kholiavchenko2024deep,
  title={Deep dive into KABR: a dataset for understanding ungulate behavior from in-situ drone video},
  author={Kholiavchenko, Maksim and Kline, Jenna and Kukushkin, Maksim and Brookes, Otto and Stevens, Sam and Duporge, Isla and Sheets, Alec and Babu, Reshma R and Banerji, Namrata and Campolongo, Elizabeth and others},
  journal={Multimedia Tools and Applications},
  pages={1--20},
  year={2024},
  publisher={Springer}
}

@article{yu2022coca,
  title={Coca: Contrastive captioners are image-text foundation models},
  author={Yu, Jiahui and Wang, Zirui and Vasudevan, Vijay and Yeung, Legg and Seyedhosseini, Mojtaba and Wu, Yonghui},
  journal={arXiv preprint arXiv:2205.01917},
  year={2022}
}

@inproceedings{lin2014mscoco,
  title={Microsoft coco: Common objects in context},
  author={Lin, Tsung-Yi and Maire, Michael and Belongie, Serge and Hays, James and Perona, Pietro and Ramanan, Deva and Doll{\'a}r, Piotr and Zitnick, C Lawrence},
  booktitle={Computer vision--ECCV 2014: 13th European conference, zurich, Switzerland, September 6-12, 2014, proceedings, part v 13},
  pages={740--755},
  year={2014},
  organization={Springer}
}

@inproceedings{zhou2017ade20k,
  title={Scene parsing through ade20k dataset},
  author={Zhou, Bolei and Zhao, Hang and Puig, Xavier and Fidler, Sanja and Barriuso, Adela and Torralba, Antonio},
  booktitle={Proceedings of the IEEE conference on computer vision and pattern recognition},
  pages={633--641},
  year={2017}
}

@article{weinstein2018computer,
  title={A computer vision for animal ecology},
  author={Weinstein, Ben G},
  journal={Journal of Animal Ecology},
  volume={87},
  number={3},
  pages={533--545},
  year={2018},
  publisher={Wiley Online Library}
}

@article{tuia2022perspectives,
  title={Perspectives in machine learning for wildlife conservation},
  author={Tuia, Devis and Kellenberger, Benjamin and Beery, Sara and Costelloe, Blair R and Zuffi, Silvia and Risse, Benjamin and Mathis, Alexander and Mathis, Mackenzie W and Van Langevelde, Frank and Burghardt, Tilo and others},
  journal={Nature communications},
  volume={13},
  number={1},
  pages={792},
  year={2022},
  publisher={Nature Publishing Group UK London}
}
